<?xml version="1.0" encoding="UTF-8"?><collection xmlns="http://www.loc.gov/MARC21/slim"><record><leader>00482nam--2200181-i-4500</leader><controlfield tag="001">000015164</controlfield><controlfield tag="002">20161230</controlfield><controlfield tag="005">20161230201031</controlfield><controlfield tag="008">060222s1000------------r-----000-0-eng-d</controlfield><datafield ind1=" " ind2=" " tag="040"><subfield code="a">IFIN-HH</subfield></datafield><datafield ind1=" " ind2=" " tag="080"><subfield code="a">539.172.17</subfield></datafield><datafield ind1="1" ind2=" " tag="100"><subfield code="a">Carter, G</subfield></datafield><datafield ind1="1" ind2="0" tag="245"><subfield code="a">Ion bombardment of solids</subfield><subfield code="c">G. carter, j.s. colligon</subfield></datafield><datafield ind1=" " ind2=" " tag="260"><subfield code="a">London</subfield><subfield code="b">Heinemann Educational Books Ltd</subfield><subfield code="c">1968</subfield></datafield><datafield ind1=" " ind2=" " tag="300"><subfield code="a">VIII + 446 P</subfield></datafield><datafield ind1="1" ind2=" " tag="700"><subfield code="a">Colligon, J.S</subfield></datafield><datafield ind1=" " ind2=" " tag="852"><subfield code="a">30428</subfield><subfield code="c">539.2</subfield></datafield><datafield ind1=" " ind2=" " tag="CAT"><subfield code="a">Sys</subfield><subfield code="c">20121016</subfield><subfield code="h">095844</subfield></datafield></record></collection>